@book{introtoalgorithms,
    title={Introduction to Algorithms: Third Edition},
    author={Thomas H. Cormen and Charles E. Leiserson and Ronald L. Rivest and Clifford Stein},
    isbn={9780262033848},
    year={2009},
    publisher={MIT Press}
}

@online{hashfunctionsdjb2,
    title     = "Hash Functions DJB2",
    url       = "http://www.cse.yorku.ca/~oz/hash.html",
}

@online{hashfunctionsfnv,
    author    = "Landon Curt Noll",
    title     = "FNV Hash",
    url       = "http://www.isthe.com/chongo/tech/comp/fnv/index.html",
}

@online{resizinghashtables,
	title = {Resizing Hash Tables},
	year = {2011},
	url = {https://courses.csail.mit.edu/6.006/spring11/rec/rec07.pdf},
}

